@article {martina,
    AUTHOR = {Kubitzke, Martina and Welker, Volkmar},
     TITLE = {The {M}ultiplicity {C}onjecture for {B}arycentric {S}ubdivisions},
   JOURNAL = {Comm. Algebra},
  FJOURNAL = {Communications in Algebra},
    VOLUME = {36},
      YEAR = {2008},
    NUMBER = {11},
     PAGES = {4223--4248},
      ISSN = {0092-7872},
   MRCLASS = {13F55 (05E99 13D02 13H15)},
  MRNUMBER = {2460412},
MRREVIEWER = {Christopher A. Francisco},
       DOI = {10.1080/00927870802177333},
       URL = {https://doi.org/10.1080/00927870802177333},
}

@article {bernd,
    AUTHOR = {Bokowski, J\"{u}rgen and Sturmfels, Bernd},
     TITLE = {On the coordinatization of oriented matroids},
   JOURNAL = {Discrete Comput. Geom.},
  FJOURNAL = {Discrete \& Computational Geometry. An International Journal
              of Mathematics and Computer Science},
    VOLUME = {1},
      YEAR = {1986},
    NUMBER = {4},
     PAGES = {293--306},
      ISSN = {0179-5376},
   MRCLASS = {05B35},
  MRNUMBER = {866365},
MRREVIEWER = {Jim Lawrence},
       DOI = {10.1007/BF02187702},
       URL = {https://doi.org/10.1007/BF02187702},
}

@article {thomas,
    AUTHOR = {Kahle, Thomas and Wenzel, Walter and Ay, Nihat},
     TITLE = {Hierarchical models, marginal polytopes, and linear codes},
   JOURNAL = {Kybernetika (Prague)},
  FJOURNAL = {Kybernetika},
    VOLUME = {45},
      YEAR = {2009},
    NUMBER = {2},
     PAGES = {189--207},
      ISSN = {0023-5954},
   MRCLASS = {52B11 (60C05 94B05)},
  MRNUMBER = {2518148},
}

@article {raman,
    AUTHOR = {Sanyal, Raman},
     TITLE = {Topological obstructions for vertex numbers of {M}inkowski
              sums},
   JOURNAL = {J. Combin. Theory Ser. A},
  FJOURNAL = {Journal of Combinatorial Theory. Series A},
    VOLUME = {116},
      YEAR = {2009},
    NUMBER = {1},
     PAGES = {168--179},
      ISSN = {0097-3165},
   MRCLASS = {52A20 (52B35)},
  MRNUMBER = {2469255},
MRREVIEWER = {Uwe Schnell},
       DOI = {10.1016/j.jcta.2008.05.009},
       URL = {https://doi.org/10.1016/j.jcta.2008.05.009},
}

@article {christian,
    AUTHOR = {Stump, Christian},
     TITLE = {On bijections between {$231$}-avoiding permutations and {D}yck
              paths},
   JOURNAL = {S\'{e}m. Lothar. Combin.},
  FJOURNAL = {S\'{e}minaire Lotharingien de Combinatoire},
    VOLUME = {60},
      YEAR = {2008/09},
     PAGES = {Art. B60a, 13},
   MRCLASS = {05A19 (05A05 05A15)},
  MRNUMBER = {2734176},
MRREVIEWER = {Panagiotis G. Tsikouras},
}